@inproceedings{schuler2016testing,
  title={Testing the Tolerance Principle: Children form productive rules when it is more computationally efficient to do so.},
  author={Schuler, Kathryn D and Yang, Charles and Newport, Elissa L},
  booktitle={CogSci},
  year={2016}
}
@book{yang2016price,
  title={The price of linguistic productivity: How children learn to break the rules of language},
  author={Yang, Charles},
  year={2016},
  publisher={MIT Press}
}
@article{yang2018user,
  title={A user’s guide to the Tolerance Principle},
  author={Yang, Charles},
  journal={Manuscript. University of Pennsylvania (ling. auf. net/lingbuzz/004146)},
  year={2018}
}
@article{mcclelland1981interactive,
  title={An interactive activation model of context effects in letter perception: I. An account of basic findings.},
  author={McClelland, James L and Rumelhart, David E},
  journal={Psychological review},
  volume={88},
  number={5},
  pages={375},
  year={1981},
  publisher={American Psychological Association}
}
@article{plaut1997structure,
  title={Structure and function in the lexical system: Insights from distributed models of word reading and lexical decision},
  author={Plaut, David C},
  journal={Language and cognitive processes},
  volume={12},
  number={5-6},
  pages={765--806},
  year={1997},
  publisher={Taylor \& Francis}
}
@article{murray2004serial,
  title={Serial mechanisms in lexical access: the rank hypothesis.},
  author={Murray, Wayne S and Forster, Kenneth I},
  journal={Psychological Review},
  volume={111},
  number={3},
  pages={721},
  year={2004},
  publisher={American Psychological Association}
}
@article{andreae2018charles,
  title={Charles Yang’s Tolerance Principle},
  author={Andreae, John H and Kuiper, Koenraad},
  year={2018}
}
@article{goldberg2018sufficiency,
  title={The sufficiency principle hyperinflates the price of productivity},
  author={Goldberg, Adele E},
  journal={Linguistic Approaches to Bilingualism},
  volume={8},
  number={6},
  pages={727--732},
  year={2018},
  publisher={John Benjamins Publishing Company}
}
@article{kapatsinski2018intolerance,
  title={On the intolerance of the Tolerance Principle},
  author={Kapatsinski, Vsevolod},
  journal={Linguistic Approaches to Bilingualism},
  volume={8},
  number={6},
  pages={738--742},
  year={2018},
  publisher={John Benjamins}
}
@article{brown19731,
  title={1973: A first language: the early stages. Cambridge, MA: Harvard University Press},
  author={Brown, Roger},
  year={1973}
}
@article{yang2018some,
  title={Some consequences of the Tolerance Principle},
  author={Yang, Charles},
  journal={Linguistic Approaches to Bilingualism},
  volume={8},
  number={6},
  pages={797--809},
  year={2018},
  publisher={John Benjamins}
}
@article{marcus1992overregularization,
  title={Overregularization in language acquisition},
  author={Marcus, Gary F and Pinker, Steven and Ullman, Michael and Hollander, Michelle and Rosen, T John and Xu, Fei and Clahsen, Harald},
  journal={Monographs of the society for research in child development},
  pages={i--178},
  year={1992},
  publisher={JSTOR}
}
@article{maslen2004dense,
  title={A dense corpus study of past tense and plural overregularization in English},
  author={Maslen, Robert JC and Theakston, Anna L and Lieven, Elena VM and Tomasello, Michael},
  journal={Journal of Speech, Language, and Hearing Research},
  year={2004},
  publisher={ASHA}
}
@article{lieven2009two,
  title={Two-year-old children's production of multiword utterances: A usage-based analysis},
  author={Lieven, Elena and Salomo, Doroth{\'e} and Tomasello, Michael},
  journal={Cognitive Linguistics},
  volume={20},
  number={3},
  pages={481--507},
  year={2009},
  publisher={Walter de Gruyter GmbH \& Co. KG}
}
@inproceedings{macwhinney2012morphosyntactic,
  title={Morphosyntactic Analysis of the CHILDES and TalkBank Corpora.},
  author={MacWhinney, Brian},
  booktitle={LREC},
  pages={2375--2380},
  year={2012}
}
@article{bloom1974imitation,
  title={Imitation in language development: If, when, and why},
  author={Bloom, Lois and Hood, Lois and Lightbown, Patsy},
  journal={Cognitive psychology},
  volume={6},
  number={3},
  pages={380--420},
  year={1974},
  publisher={Elsevier}
}
@article{sachs1983talking,
  title={Talking about the there and then: The emergence of displaced reference in parent-child discourse},
  author={Sachs, Jacqueline},
  journal={Children's language},
  volume={4},
  pages={1--28},
  year={1983}
}
@book{bloom1973one,
  title={One word at a time: The use of single word utterances before syntax},
  author={Bloom, Lois},
  volume={154},
  year={1973},
  publisher={Walter de Gruyter}
}
@phdthesis{higginson1985fixing,
  title={Fixing: Assimilation in language acquisition},
  author={Higginson, Roy Patrick},
  year={1985},
  school={Washington State University}
}
@article{lieven2009two,
  title={Two-year-old children's production of multiword utterances: A usage-based analysis},
  author={Lieven, Elena and Salomo, Doroth{\'e} and Tomasello, Michael},
  journal={Cognitive Linguistics},
  volume={20},
  number={3},
  pages={481--507},
  year={2009},
  publisher={Walter de Gruyter GmbH \& Co. KG}
}